
@article{specConstruct,
  title={Specification Construction Using SMT Solvers},
  author={Paul C. Attie and Fadi Zaraket and Mohammad Noureddine and Farah El-Hariri},
  year={2013},
  url={https://research-fadi.aub.edu.lb/speccheck/specConstructFull.pdf}
}
